<record><leader>00000cas a2200000 a 4500</leader><controlfield tag="001">11911218</controlfield><controlfield tag="008">850412d18951897ksuwr ne      0    0eng d</controlfield><datafield ind1=" " ind2=" " tag="010"><subfield code="a">sn 85030167 </subfield></datafield><datafield ind1=" " ind2=" " tag="040"><subfield code="a">KSH</subfield><subfield code="b">eng</subfield><subfield code="c">KSH</subfield><subfield code="d">NPT</subfield><subfield code="d">OCL</subfield><subfield code="d">OCLCQ</subfield></datafield><datafield ind1=" " ind2=" " tag="042"><subfield code="a">msc</subfield></datafield><datafield ind1="0" ind2=" " tag="130"><subfield code="a">Weekly herald (Allen, Kan.)</subfield></datafield><datafield ind1="1" ind2="4" tag="245"><subfield code="a">The weekly herald.</subfield></datafield><datafield ind1=" " ind2=" " tag="260"><subfield code="a">Allen, Kan. :</subfield><subfield code="b">L.C. Heim,</subfield><subfield code="c">1895-1897.</subfield></datafield><datafield ind1=" " ind2=" " tag="300"><subfield code="a">3 v. :</subfield><subfield code="b">ill. ;</subfield><subfield code="c">60 cm.</subfield></datafield><datafield ind1=" " ind2=" " tag="310"><subfield code="a">Weekly</subfield></datafield><datafield ind1="0" ind2=" " tag="362"><subfield code="a">Vol. 1, no. 34 (July 4, 1895)-v. 3, no. 37 (July 15, 1897).</subfield></datafield><datafield ind1=" " ind2=" " tag="500"><subfield code="a">Published by Howard &amp; Howard, Apr. 23, 1896-July 15, 1897.</subfield></datafield><datafield ind1=" " ind2=" " tag="525"><subfield code="a">Supplements included.</subfield></datafield><datafield ind1=" " ind2=" " tag="752"><subfield code="a">United States</subfield><subfield code="b">Kansas</subfield><subfield code="c">Lyon</subfield><subfield code="d">Allen.</subfield></datafield><datafield ind1="0" ind2="0" tag="780"><subfield code="t">Allen herald</subfield><subfield code="w">(DLC)sn 85030166</subfield></datafield><datafield ind1="0" ind2="7" tag="785"><subfield code="t">Admire journal</subfield><subfield code="w">(DLC)sn 85030160</subfield></datafield><datafield ind1="0" ind2="7" tag="785"><subfield code="t">Northern Lyon County journal (Admire, Kan.)</subfield><subfield code="w">(DLC)sn 85030168</subfield></datafield></record>